@misc{cplusplus,
    title={C++ References: http://www.cplusplus.com/},
	url = {http://www.cplusplus.com/}
}

@misc{cplusplussort,
    title={C++ sort reference: http://www.cplusplus.com/reference/algorithm/sort/},
	url = {http://www.cplusplus.com/reference/algorithm/sort/}
}


@misc{cplusplusset,
    title={C++ set reference:  http://www.cplusplus.com/rference/set/set/},
	url = {http://www.cplusplus.com/rference/set/set/}
}

@inbook{cormen,
    title     = "Introduction to Algorithms",
    chapter   = "21 Data Structures for Disjoint Sets",
    author    = "Thomas H. Cormen"
}

@inbook{BFS,
    title     = "Introduction to Algorithms",
    chapter   = "22.2 Breadth-first search",
    author    = "Thomas H. Cormen"
}

